<record xmlns='http://www.loc.gov/MARC21/slim'><leader>01172cas a2200325Ia 4500</leader><controlfield tag='001'>4604577</controlfield><controlfield tag='005'>20181030142358.0</controlfield><controlfield tag='008'>030602d19971998ch mr p       0    0chi  </controlfield><datafield ind1=' ' ind2=' ' tag='040'><subfield code='a'>OCoLC</subfield><subfield code='b'>eng</subfield></datafield><datafield ind1='0' ind2='0' tag='245'><subfield code='6'>880-01</subfield><subfield code='a'>Wen xun bie ce.</subfield></datafield><datafield ind1='0' ind2='0' tag='880'><subfield code='6'>245-01</subfield><subfield code='a'>文訊別册.</subfield></datafield><datafield ind1=' ' ind2=' ' tag='260'><subfield code='6'>880-02</subfield><subfield code='a'>[Taibei Shi  :</subfield><subfield code='b'>Wen xun za zhi she],</subfield><subfield code='c'>1997-1998.</subfield></datafield><datafield ind1=' ' ind2=' ' tag='880'><subfield code='6'>260-02</subfield><subfield code='a'>[台北市  :</subfield><subfield code='b'>文訊雜誌社],</subfield><subfield code='c'>1997-1998.</subfield></datafield><datafield ind1=' ' ind2=' ' tag='300'><subfield code='a'>v. :</subfield><subfield code='b'>ill. ;</subfield><subfield code='c'>21 cm.</subfield></datafield><datafield ind1=' ' ind2=' ' tag='310'><subfield code='6'>880-03</subfield><subfield code='a'>Yue kan</subfield></datafield><datafield ind1=' ' ind2=' ' tag='880'><subfield code='6'>310-03</subfield><subfield code='a'>月刊</subfield></datafield><datafield ind1='0' ind2=' ' tag='362'><subfield code='6'>880-04</subfield><subfield code='a'>1(1997 nian 7 yue)-13 (1998 nian 7 yue)</subfield></datafield><datafield ind1='0' ind2=' ' tag='880'><subfield code='6'>362-04</subfield><subfield code='a'>1(1997年7月)-13(1998年7月)</subfield></datafield><datafield ind1=' ' ind2=' ' tag='500'><subfield code='6'>880-05</subfield><subfield code='a'>Kan ming ju feng mian.</subfield></datafield><datafield ind1=' ' ind2=' ' tag='880'><subfield code='6'>500-05</subfield><subfield code='a'>刊名據封面.</subfield></datafield><datafield ind1=' ' ind2=' ' tag='500'><subfield code='6'>880-06</subfield><subfield code='a'>Jie xu qian &quot;Wen xun&quot; zong qi hao.</subfield></datafield><datafield ind1=' ' ind2=' ' tag='880'><subfield code='6'>500-06</subfield><subfield code='a'>接續前《文訊》總期號.</subfield></datafield><datafield ind1=' ' ind2=' ' tag='515'><subfield code='6'>880-07</subfield><subfield code='a'>1- ji zong hao 141-</subfield></datafield><datafield ind1=' ' ind2=' ' tag='880'><subfield code='6'>515-07</subfield><subfield code='a'>1- 卽總號141-</subfield></datafield><datafield ind1=' ' ind2='0' tag='650'><subfield code='a'>Chinese literature</subfield><subfield code='x'>History and criticism</subfield><subfield code='v'>Periodicals.</subfield></datafield><datafield ind1=' ' ind2='0' tag='650'><subfield code='a'>Chinese literature</subfield><subfield code='z'>Taiwan</subfield><subfield code='x'>History and criticism</subfield><subfield code='v'>Periodicals.</subfield></datafield><datafield ind1='0' ind2='0' tag='780'><subfield code='6'>880-08</subfield><subfield code='t'>Wen xun</subfield></datafield><datafield ind1='0' ind2='0' tag='880'><subfield code='6'>780-08</subfield><subfield code='t'>文訊</subfield></datafield><datafield ind1='0' ind2='0' tag='785'><subfield code='6'>880-09</subfield><subfield code='t'>Wen xun(1998)</subfield></datafield><datafield ind1='0' ind2='0' tag='880'><subfield code='6'>785-09</subfield><subfield code='t'>文訊(1998)</subfield></datafield></record>